<?xml version="1.0" encoding="UTF-8"?><record xmlns="http://www.loc.gov/MARC21/slim" xmlns:cinclude="http://apache.org/cocoon/include/1.0" xmlns:zs="http://www.loc.gov/zing/srw/">
  <leader>00478nz  a2200145n  4500</leader>
  <controlfield tag="001">no2009202303</controlfield>
  <controlfield tag="003">DLC</controlfield>
  <controlfield tag="005">20091219075446.0</controlfield>
  <controlfield tag="008">091217n| acannaabn          |a ana     c</controlfield>
  <datafield tag="010" ind1=" " ind2=" ">
    <subfield code="a">no2009202303</subfield>
  </datafield>
  <datafield tag="035" ind1=" " ind2=" ">
    <subfield code="a">(OCoLC)oca08340760</subfield>
  </datafield>
  <datafield tag="040" ind1=" " ind2=" ">
    <subfield code="a">CU-A</subfield>
    <subfield code="b">eng</subfield>
    <subfield code="c">CU-A</subfield>
  </datafield>
  <datafield tag="110" ind1="2" ind2=" ">
    <subfield code="a">Sacramento Engineers Club</subfield>
  </datafield>
  <datafield tag="410" ind1="2" ind2=" ">
    <subfield code="a">Engineers Club of Sacramento</subfield>
  </datafield>
  <datafield tag="670" ind1=" " ind2=" ">
    <subfield code="a">Mountain water supply for city of Sacramento, Cal., 1919:</subfield>
    <subfield code="b">cover (Sacramento Engineers Club); p. 1 (Engineers Club of Sacramento)</subfield>
  </datafield>
</record>